<record><leader>00000cas a22000007a 4500</leader><controlfield tag="001">35853773</controlfield><controlfield tag="008">961106d19591961tnuwr ne      0    0eng d</controlfield><datafield ind1=" " ind2=" " tag="010"><subfield code="a">sn 96091112 </subfield></datafield><datafield ind1=" " ind2=" " tag="040"><subfield code="a">TGN</subfield><subfield code="b">eng</subfield><subfield code="c">TGN</subfield><subfield code="d">OCLCQ</subfield><subfield code="d">OCLCF</subfield><subfield code="d">OCLCO</subfield></datafield><datafield ind1="1" ind2=" " tag="029"><subfield code="a">AU@</subfield><subfield code="b">000012911233</subfield></datafield><datafield ind1=" " ind2=" " tag="042"><subfield code="a">msc</subfield></datafield><datafield ind1=" " ind2=" " tag="043"><subfield code="a">n-us-tn</subfield></datafield><datafield ind1="0" ind2=" " tag="130"><subfield code="a">Examiner-press and Sumner County Tennessean (Gallatin, Tenn.)</subfield></datafield><datafield ind1="1" ind2="4" tag="245"><subfield code="a">The examiner-press and Sumner County Tennessean.</subfield></datafield><datafield ind1=" " ind2=" " tag="260"><subfield code="a">Gallatin, Tenn. :</subfield><subfield code="b">[s.n.],</subfield><subfield code="c">-1961.</subfield></datafield><datafield ind1=" " ind2=" " tag="300"><subfield code="a">v.</subfield></datafield><datafield ind1=" " ind2=" " tag="310"><subfield code="a">Weekly</subfield></datafield><datafield ind1="1" ind2=" " tag="362"><subfield code="a">Began with Feb. 5, 1959 issue.</subfield></datafield><datafield ind1="0" ind2=" " tag="362"><subfield code="a">-v. 3, no. 26 (June 29, 1961).</subfield></datafield><datafield ind1=" " ind2=" " tag="580"><subfield code="a">Formed by the union of: Upper Sumner press, Portland herald; and: Gallatin examiner and Sumner County Tennessean (Gallatin, Tenn. : 1946).</subfield></datafield><datafield ind1=" " ind2=" " tag="580"><subfield code="a">Split into: Gallatin examiner and Sumner County Tennessean (Gallatin, Tenn. : 1961), and: Upper Sumner press (Portland, Tenn. : 1961).</subfield></datafield><datafield ind1=" " ind2=" " tag="588"><subfield code="a">Description based on: Vol. 3, no. 4 (Jan. 29, 1961).</subfield></datafield><datafield ind1=" " ind2="0" tag="651"><subfield code="a">Gallatin (Tenn.)</subfield><subfield code="v">Newspapers.</subfield></datafield><datafield ind1=" " ind2="0" tag="651"><subfield code="a">Sumner County (Tenn.)</subfield><subfield code="v">Newspapers.</subfield></datafield><datafield ind1=" " ind2="7" tag="655"><subfield code="a">Newspapers.</subfield><subfield code="2">fast</subfield><subfield code="0">(OCoLC)fst01423814</subfield></datafield><datafield ind1=" " ind2="7" tag="651"><subfield code="a">Tennessee</subfield><subfield code="z">Gallatin.</subfield><subfield code="2">fast</subfield><subfield code="0">(OCoLC)fst01202906</subfield></datafield><datafield ind1=" " ind2="7" tag="651"><subfield code="a">Tennessee</subfield><subfield code="z">Sumner County.</subfield><subfield code="2">fast</subfield><subfield code="0">(OCoLC)fst01209637</subfield></datafield><datafield ind1=" " ind2=" " tag="752"><subfield code="a">United States</subfield><subfield code="b">Tennessee</subfield><subfield code="c">Sumner</subfield><subfield code="d">Gallatin.</subfield></datafield><datafield ind1="1" ind2=" " tag="775"><subfield code="t">Examiner-press and Sumner County Tennessean (Portland, Tenn.)</subfield><subfield code="w">(DLC)sn 96091113</subfield></datafield><datafield ind1="1" ind2="4" tag="780"><subfield code="t">Upper Sumner press, Portland herald</subfield><subfield code="w">(DLC)sn 96091130</subfield></datafield><datafield ind1="1" ind2="4" tag="780"><subfield code="t">Gallatin examiner and Sumner County Tennessean (Gallatin, Tenn. : 1946)</subfield><subfield code="w">(DLC)sn 96091119</subfield></datafield><datafield ind1="1" ind2="6" tag="785"><subfield code="t">Gallatin examiner and Sumner County Tennessean (Gallatin, Tenn. : 1961)</subfield><subfield code="w">(DLC)sn 96091111</subfield></datafield><datafield ind1="1" ind2="6" tag="785"><subfield code="t">Upper Sumner Press (Portland, Tenn. : 1961)</subfield><subfield code="w">(DLC)sn 96091131</subfield></datafield></record>